2566 4726
78 250 154 347 100
241 214 244 219 ¹
367 235 433 333 „Cl
460 240 544 317 XV.
594 176 949 336 Tarradynamiaf

78 421 354 535 gacerpaea
389 429 516 500 loculis
542 427 706 499 siliculus
731 427 779 495 -ἰη
804 448 949 495 summo
978 424 1084 520 apice
1113 422 1207 491 onis
1233 396 1239 405 ’

80 561 217 670 affinis
242 565 332 654 (nec
362 585 429 653 per
464 576 584 659 toturn
614 542 889 659 longitudinem
920 546 1100 649 placentis
1135 552 1207 625 od·

83 694 208 792 nolis)
234 710 268 767 ec
294 693 463 764 radicula
496 692 694 792 placentis,
728 713 804 762 non
835 682 1076 761 valvularurri
1097 686 1207 759 'sari-

86 814 170 921 noe,
195 826 393 941 parallelo.
1137 823 1144 831 ·

321 973 357 1061 1)
388 973 638 1039 Misenumnam
662 989 849 1035 nscrsmrn.
882 971 961 1033 Dec.

130 1106 177 1177 M
200 1103 359 1167 laciniata.
404 1103 480 1167 Dee.
503 1103 589 1187 Sysl.
612 1115 680 1166 nul.
704 1103 750 1164 ΙΙ.
771 1127 805 1186 Ρ
822 1099 962 1165 417.-
986 1097 1062 1158 Deo.
1083 1097 1203 1161 Proclr.

172 1223 201 1285 l.
221 1245 256 1306 Ρ
249 1217 409 1283 .183.-
430 1219 547 1282 Ledeb.
564 1217 609 1280 Io.
632 1217 678 1301 pl.
686 1217 743 1280 ’.Ρὶ
767 1234 850 1282 ross.
872 1221 929 1279 all.
953 1217 1068 1276 illustr.
1090 1211 1203 1276 t.372.

133 1326 322 1400 Biscutella
343 1336 576 1420 megalocarpa.
626 1333 895 1416 Fisclr.Sprcng.
930 1327 1203 1420 Syst.ncg.11.

137 1476 213 1537 Ρ
230 1449 306 1515 857.
1202 1514 1205 1521 .

98 1530 195 1634 Β.
208 1567 311 1652 apula.
368 1562 487 1647 Georgi
511 1565 691 1631 Besclrreib.
721 1567 776 1627 des
805 1567 952 1630 russisch.
982 1559 1112 1626 Reicies.
1141 1561 1203 1625 ΠΙ.

175 1706 209 1767 Ρ.
232 1676 341 1744 1127?

93 1799 178 1863 Heb.
210 1794 298 1858 haud
327 1813 400 1858 rara
434 1792 469 1856 in
502 1795 623 1882 campis
653 1794 745 1857 siccis
776 1793 1055 1874 argilloso-salsis
1086 1790 1203 1868 deserti

136 1906 494 1993 soongoro·kirgbisici
523 1908 703 1986 orientalis,
729 1920 819 1973 trans
841 1908 874 1971 fl.
898 1908 1115 1990 Kurlschurn,
1146 1930 1203 1972 nec

136 2049 205 2093 non
225 2027 259 2090 io
282 2024 480 2112 rupeslribus
503 2019 634 2088 collium
652 2020 776 2088 Arkeul
799 2023 1025 2089 etDolenkara
1044 2023 1140 2110 (M).
1154 2035 1201 2098 ²l.

137 2143 189 2211 Β).
210 2143 314 2226 primo
340 2161 424 2217 vere,
447 2146 511 2219 jam
534 2142 625 2202 inilio
642 2139 721 2218 Maii
743 2141 893 2204 fructibus
908 2142 1101 2204 submaluris
1123 2164 1205 2206 onu-

138 2269 198 2322 sta.
241 2256 320 2320 Post
341 2256 487 2320 medinm
510 2254 655 2334 ejusdem
678 2255 799 2319 mensis
822 2258 926 2320 caules
948 2257 1116 2338 exsiccati,
1137 2259 1205 2321 sili·

140 2375 219 2446 ‚culis
236 2373 369 2435 maturis
387 2370 506 2448 onusti,
529 2354 583 2454 oni
607 2391 625 2431 a
647 2369 753 2432 radice
772 2375 866 2436 facile
883 2371 1036 2438 secedunt
1050 2394 1108 2460 per
1120 2395 1205 2438 carn·

28 2502 33 2513 ·
138 2510 198 2576 pos
220 2499 252 2550 et
275 2487 372 2549 colles
395 2505 414 2545 a
435 2483 541 2546 venlis
565 2485 836 2551 circumferuntur.

182 2600 313 2666 Radix
334 2598 521 2678 fusilormis,
544 2603 703 2685 perennis,
727 2602 933 2686 descendens,
955 2606 1098 2669 crassitie
1116 2576 1225 2689 (11ΡίῑίΙ

96 2717 231 2782 minoris
259 2717 314 2779 uel
339 2714 436 2800 paulo
458 2715 603 2794 tenuior,
633 2715 828 2799 flavescens,
860 2721 899 2783 ad
922 2724 1039 2785 collum
1062 2710 1207 2805 vestigiis

96 2830 349 2897 membranaceis
370 2822 564 2915 petiolornm
584 2832 659 2892 anni
681 2838 846 2916 praeteriti
869 2849 1030 2924 suppose,
1052 2841 1131 2903 folia
1146 2841 1207 2902 ali-

96 2958 176 3034 quot
195 2945 345 3011 radicalia
367 2954 400 3007 et
421 2946 544 3007 caulem
567 2947 747 3010 solitarium
769 2954 928 3018 emittens.
971 2948 1207 3019 Gaulisher-

95 3066 222 3147 bessus,
247 3061 365 3142 glaber,
388 3057 527 3138 strictus,
551 3070 644 3140 teres,
667 3066 815 3147 striatas,
838 3069 977 3153 pedalis,
1002 3073 1069 3135 basi
1091 3068 1206 3152 nudus,

96 3176 238 3268 crassitie
259 3186 387 3261 pennae
410 3195 567 3257 cygneae,
597 3178 700 3242 immo
721 3184 818 3265 paulo
842 3185 993 3265 crassior,
1009 3186 1112 3273 'apice
1131 3207 1209 3252 sen·

96 3292 160 3356 sim
182 3300 365 3355 attenuatus
398 3300 431 3352 et
452 3291 523 3375 plus
545 3293 695 3361 minusve
717 3317 873 3364 ramosus.
916 3298 1038 3365 Remi
1066 3305 1136 3367 fers
1166 3323 1209 3367 ex

96 3408 247 3471 omnibus
269 3405 422 3469 soliorum
437 3405 553 3486 axillis,
575 3407 609 3470 in
628 3410 865 3494 speciminibus,
886 3417 1113 3483 humilioribus
1128 3419 1211 3480 sirn-

71 3602 74 3607 .
96 3524 207 3611 plicas,
230 3520 473 3584 in'elalioribus
492 3523 612 3586 ramosi
633 3527 684 3586 vel
707 3508 926 3612 ramosissirni,
950 3553 1045 3620 saepe
1058 3532 1212 3623 horizon-

95 3638 203 3701 teliler
218 3644 375 3720 patentes,
399 3633 501 3695 rarius
523 3643 770 3726 erecto-patuli,
794 3642 1003 3730 pilosiusculi,
1027 3649 1097 3712 basi
1118 3648 1212 3713 flori·

95 3756 155 3817 bus
177 3749 352 3826 fertilibus,
387 3747 476 3833 apice
497 3749 629 3815 floribus
653 3756 882 3824 abortienlibus
912 3764 1037 3843 onusti,
1070 3784 1135 3851 quo
1166 3765 1212 3845 fit,

39 3858 70 3969 ἰ
97 3880 133 3933 ut
149 3864 234 3965 rami
263 3874 298 3926 et
323 3863 441 3926 ramuli
463 3864 603 3950 apicibus
629 3868 722 3934 nudis
744 3872 895 3942 leonibus
918 3879 1075 3962 elongatis
1096 3854 1214 3944 ¹termi-

96 3983 170 4065 nali
194 3981 268 4045 sint.
320 3975 443 4040 Folia
472 3981 697 4063 crassiuscula,
738 3969 989 4072 glaucescentia,
1027 3996 1102 4082 pilis
1130 3994 1215 4058 olbis

93 4098 243 4162 mollibus
274 4090 472 4180 simplicibus
500 4096 731 4182 copiosioribus
752 4105 807 4168 vel
832 4109 1007 4191 rarioribus
1035 4109 1093 4194 (in
1123 4130 1218 4175 mar·-

94 4216 168 4293 gine
189 4213 378 4309 plerumque
394 4207 615 4299 densissimis)
639 4216 767 4300 vestite,
790 4223 892 4309 rarius
913 4227 1083 4308 subglabra
1103 4237 1136 4290 el
1153 4226 1212 4289 vix
