2566 4726
289 314 293 329 Ι
397 208 456 292 ct.
482 215 604 295 XVII.
653 212 895 321 Diadeiphia.
1131 224 1205 305 301
1254 156 1276 311 ,³¹

90 398 239 467 uentus
252 398 379 467 comnis
399 422 459 467 nec
479 401 668 482 suberectis,
690 407 826 473 bracteis
848 409 1102 494 angustioribus,
1124 411 1206 479 den-

90 517 184 583 tibus
204 516 357 605 calycinis
378 514 596 601 brevioribus,
623 519 748 586 vexillo
769 534 879 589 retuso
908 547 968 591 nec
996 529 1206 613 emarginato,

90 630 155 697 alis
175 651 257 698 varo
278 630 485 714 marginatis
512 652 572 698 nec
597 633 731 717 integris
752 647 784 700 et
805 641 972 726 superficie
991 641 1090 711 totius
1111 647 1205 731 plan·

89 756 146 813 tna
164 745 541 837 ”binetus-puberula,
562 769 645 836 quae
665 750 774 835 glabre
794 764 844 816 est
863 755 898 818 in
919 754 963 822 Α,
985 760 1161 827 sulcato.

175 859 233 927 At
252 861 297 928 Α,
313 854 497 929 ri'cioidi
518 862 639 928 recedit
660 876 786 951 praeter
807 869 1009 956 superficiem
1027 883 1060 936 et
1079 876 1205 941 caulem

91 972 132 1043 ad
152 972 281 1066 apicem
302 998 403 1064 usque
424 988 578 1044 teretem:
609 979 698 1045 foliis
719 986 966 1066 angustioribus,
985 987 1119 1053 floribus
1140 991 1199 1054 mi·

92 1092 241 1176 aeribus,
269 1093 390 1158 vexillo
411 1103 540 1176 retuso,
570 1093 629 1160 alis
649 1116 729 1161 vero
749 1098 954 1182 emarginatis
977 1123 1090 1168 versus
1110 1106 1197 1170 basin

92 1186 330 1293 sngdstioribus
350 1228 410 1275 nec
431 1206 586 1274 dilatatio
626 1208 711 1275 Alae
730 1213 766 1278 in
789 1225 925 1304 ubsque
946 1217 1052 1304 specie
1074 1221 1198 1286 carinae

92 1336 182 1392 ucts
199 1322 389 1391 meunt.

357 1490 395 1577 9)
427 1491 652 1560 Asrnsoruos
677 1517 856 1564 vrorornus.
887 1521 931 1562 m.

92 1628 139 1707 A.
170 1627 280 1706 caule
311 1624 435 1707 erecto
469 1627 600 1731 glabro
634 1654 794 1730 superne
825 1630 1057 1724 subsulcato,
1097 1629 1199 1710 foliis

138 1742 358 1861 petiolatis,
382 1761 523 1840 foliolis
556 1761 726 1865 oblongis
759 1763 900 1845 obtusis
932 1763 1198 1864 sub-S-jugis,

62 1910 68 1921 ·
139 1889 535 1972 floribusracemosis
557 1896 730 1989 cernuis,
755 1895 975 1995 pedunculis
996 1894 1087 1971 folio
1115 1895 1199 1972 sub·

65 2068 70 2079 ·
139 2021 253 2124 duplo
283 2025 540 2128 longioribus,
580 2027 742 2102 bracteis
774 2027 1031 2115 lanceolatis,
1053 2030 1199 2129 oalyois

137 2154 313 2234 dentibus
343 2158 433 2233 tubo
468 2159 579 2258 duplo
611 2159 867 2275 brevioribus,
902 2159 1040 2235 vexillo
1074 2186 1197 2236 emar-

138 2287 290 2389 gineto,
320 2290 392 2367 alis
413 2291 595 2392 integris,
625 2292 884 2393 leguminibus
910 2292 1047 2367 erectis
1072 2307 1197 2366 ovato-

36 2472 39 2501 ι
136 2419 335 2520 triquetris
367 2423 553 2501 coriaceis
586 2423 872 2501 bilooularibus:
913 2424 1047 2500 loculis
1082 2423 1197 2524 oligo·

136 2553 312 2655 spermis.
985 2615 988 2620 .

171 2685 215 2749 A„
247 2684 413 2754 vicioides.
463 2687 583 2754 Ledeb.
613 2689 703 2754 loon.
730 2694 779 2774 pl.
809 2688 857 2752 Fr.
884 2707 963 2752 ross.
996 2690 1052 2750 ult.
1082 2689 1194 2751 illustr.

213 2816 237 2870 r.
258 2800 333 2870 tob
432 2869 434 2874 ,
953 2852 956 2860 ,
1045 2850 1047 2855 ,

79 2920 171 2988 flat.
189 2919 226 2986 iu
245 2919 457 3008 pratensibus,
470 2920 512 2987 ad
532 2901 703 3008 utrasuque
723 2919 825 3007 ripam
846 2917 879 2981 fl.
895 2915 1019 3001 lrtysch
1042 2915 1193 2994 extensis,
1235 2909 1236 2912 ’

76 3066 80 3073 ·
122 3058 160 3104 r.
182 3057 230 3122 gr.
252 3035 334 3102 circa
353 3047 482 3102 montes
494 3035 719 3118 Tscbingistau
741 3034 856 3100 deserti
878 3032 1195 3116 soongoro-kirgbi-

123 3149 301 3238 sinim),
322 3169 425 3242 prope
445 3148 591 3217 fodinam
605 3149 792 3230 Nikolajew
814 3148 855 3213 ad
875 3150 1013 3215 radicem
1034 3149 1194 3212 montium

124 3269 314 3334 altaicornrn
334 3278 396 3333 stc.
439 3266 489 3336 to.
510 3278 642 3332 aestate.
690 3272 739 3337 tt.

98 3458 103 3469 ¹
167 3381 376 3451 Praecedenti
391 3383 534 3474 maxime
554 3383 672 3464 affinis,
694 3380 751 3446 sed
772 3379 867 3460 notis,
889 3397 969 3464 quas
990 3395 1087 3461 supra
1107 3372 1194 3440 indi-

45 3538 49 3553 :
78 3481 240 3582 cavimus,
262 3497 409 3567 diversus
428 3496 564 3565 videtur.
1220 3490 1225 3496 ’

131 3646 135 3655 ’
169 3617 227 3682 ΔΙ)
246 3614 292 3685 A.
315 3618 498 3698 sulcato,
520 3617 573 3682 cui
592 3616 693 3680 etiam
714 3611 809 3681 valde
830 3609 945 3690 affinis,
967 3617 1093 3695 praeter
1114 3607 1192 3670 alias

80 3743 178 3799 unus
204 3730 360 3811 indicatos
388 3752 454 3798 non
481 3732 589 3797 mium
617 3730 835 3814 leguminibus
862 3724 969 3794 differt
993 3723 1094 3812 duplo
1124 3726 1192 3786 iere
1225 3716 1227 3721 ’
1262 3778 1265 3786 .

79 3848 282 3917 brevioribus
304 3848 593 3935 orato-triquetris
615 3847 785 3926 coriaceis,
816 3863 874 3907 nnc
904 3836 1103 3933 cylindraceo
1111 3838 1192 3902 -tri-

41 3965 205 4055 *queuis
225 3965 281 4033 vel
300 3963 406 4052 potios
425 3964 618 4053 prismaticis
638 3939 893 4028 membranaceis
913 3956 1063 4044 foliisque
1083 3955 1194 4018 mino·

80 4083 203 4173 ribus:—
218 4082 340 4149 toliotis
361 4079 559 4149 brevioribus
578 4078 798 4170 paucioribus,
820 4094 893 4162 qua,
907 4082 985 4138 uota
1005 4069 1112 4158 primo
1132 4065 1191 4142 ad-

79 4208 193 4288 spectu
213 4180 419 4292 dignoscitur.
884 4200 886 4206 '
