2566 4726
86 232 88 237 '
136 203 212 287 '108
423 202 483 282 cl.
509 205 593 282 XV.
645 203 978 303 Tetradynamia··

134 395 233 476 ribus,
256 395 291 459 in
312 396 386 458 loco¹
400 391 551 467 steriliori
564 392 677 473 enatis,
700 390 847 472 dentatn3
869 389 905 453 in
923 388 1158 475 speciminibus
1180 390 1245 455 els-

134 512 269 576 tioribns
290 509 509 590 vegetioribus
536 505 649 569 infima
679 509 752 593 plns
780 506 929 568 minusve
957 506 1083 567 sinuata
1115 508 1171 570 vel
1201 508 1246 571 si·
1276 558 1279 567 .

136 625 446 691 nuato-runcinam:
478 625 559 686 lobis
587 645 670 684 nunc
700 620 936 702 integerrimis,
965 598 1050 699 nnnc
1078 623 1150 703 basi
1172 622 1244 685 uni-

132 741 289 820 dentatis,
318 746 404 802 nunc
431 739 501 802 basi
529 737 661 829 bilobis:
691 739 760 799 cho
788 734 961 816 inferiore
971 737 1122 802 breviore
1148 715 1245 823 saepe

80 930 83 947 ,
134 856 266 920 reflexo.
301 854 443 918 Floras
464 876 506 916 ex
529 853 672 916 violaceo
691 863 958 938 purpurascentes
980 853 1035 914 nel
1057 853 1136 919 albi.
1170 852 1243 919 Se·

133 975 224 1060 pala
250 930 325 1057 pilis
348 944 428 1032 aibis
450 968 645 1055 simplicibus
667 966 769 1041 hirta,
801 979 876 1029 ante
897 966 1134 1032 florescentism
1155 971 1279 1057 apice

134 1088 192 1151 vix
211 1086 386 1163 imbricato,
411 1083 469 1147 sub
492 1084 621 1146 anthaei
643 1095 727 1149 arcte
750 1083 868 1158 clausa,
892 1084 1092 1187 marginibus
1115 1085 1238 1165 coalita,

134 1200 264 1267 demum
296 1198 432 1262 dicidna
485 1199 630 1261 Potula
662 1198 772 1283 calyce
800 1197 897 1284 duplo
925 1200 1081 1283 longiora.
1137 1196 1279 1264 Sili-¹

133 1338 233 1403 quae
261 1316 402 1397 juniores
423 1314 603 1394 torulosae,
633 1315 862 1392 subnervosa03
892 1314 925 1375 in
950 1316 1087 1399 perfecta
1110 1317 1238 1379 maturi-

132 1443 198 1495 tate
226 1453 306 1495 vero
329 1441 467 1507 teretes,
504 1431 613 1494 nervis
640 1430 797 1515 venisque
826 1430 958 1493 omnino
986 1430 1178 1513 destitutae3
1204 1432 1235 1494 in
1264 1468 1270 1487 ι

132 1551 241 1636 planta
269 1554 446 1631 spontanea
469 1544 593 1608 modice
614 1557 776 1626 arcuatam
805 1545 841 1607 in
862 1547 1077 1632 plantaculta
1099 1523 1236 1632 plerumss

132 1686 194 1748 que
215 1662 319 1743 magis
341 1673 498 1740 arcuatae,
524 1660 581 1724 sed
605 1683 671 1723 non
691 1680 766 1723 raro
788 1661 940 1745 siliquae,
964 1660 999 1724 in
1021 1684 1086 1726 uno
1109 1663 1235 1727 eodem-

132 1800 193 1868 que
216 1796 351 1857 racemo,
376 1778 460 1840 aliae
482 1777 699 1857 rectiusculae,
723 1776 804 1837 aliae
827 1778 898 1861 plus
920 1778 1071 1842 minusve
1092 1790 1233 1842 arcuatae
1273 1828 1277 1869 ᾗ

132 1904 217 1974 sunt,
240 1914 303 1979 quo
324 1890 556 1979 Raphanus
579 1902 773 1955 arcuatus
792 1888 901 1955 Wiztd.
918 1874 961 1955 ne
983 1896 1149 1959 varietatis
1170 1894 1234 1981 qui·
1273 1878 1279 2021 Ι

131 2009 206 2074 dem
228 2012 347 2075 nomen
367 2020 517 2072 meretur.
561 1986 729 2074 Semina
759 2007 929 2072 immatura
958 2022 1093 2092 anguste
1121 2012 1234 2093 margi·
1277 2042 1279 2051 ·

131 2137 367 2209 nata;.matura
387 2144 466 2191 voro
488 2124 584 2213 plane
604 2122 841 2206 immerginata.
948 2142 951 2147 ·

144 2322 146 2327 Ι
173 2342 199 2426 i·
218 2339 260 2407 Π.
292 2341 453 2405 'Petale
476 2350 615 2417 ovain,
638 2334 779 2417 flattu,
809 2342 932 2422 apice
963 2347 1231 2419 emarginnlu.

237 2456 470 2520 Glandulae
499 2458 739 2537 hypcgynae
758 2458 1061 2536 placentarios
1082 2460 1231 2536 majus-

234 2576 360 2634 culae.
390 2567 603 2651 ·Siliquae
632 2580 818 2631 maturae
846 2573 1069 2655 torulosne,
1104 2577 1234 2637 nervis

233 2668 651 2770 venisque-clavatis
680 2707 865 2766 rugosae.
915 2681 1136 2750 Rudiculn
1172 2688 1234 2750 ob·

235 2806 357 2890 liquo.

386 2954 423 3037 2)
453 2953 690 3101 Cnonrsenom
713 2977 866 3023 ειΒιιιιοΑ.
899 2956 977 3025 Dec.
1072 2972 1079 2985 ·
1175 2940 1178 2947 ¹

127 3087 199 3168 Cb.
233 3085 452 3185 glandulosa
483 3097 522 3159 et
548 3042 686 3183 pilosa·
719 3087 808 3185 pilis
841 3085 1101 3186 simplicibus,
1131 3084 1238 3171 foliis.
1264 3134 1269 3143 ·

175 3194 345 3317 oblongis
369 3198 619 3309 succinctis,
657 3217 806 3314 siliquis
838 3233 959 3293 rostro
995 3220 1110 3318 3-p10
1144 3204 1232 3321 qua·

175 3352 355 3452 druplovo
380 3348 624 3451 longioribus,
647 3350 857 3426 seminibus
883 3351 1184 3451 immerginatis.

211 3483 270 3547 Cb.
292 3483 426 3547 sibirica.
458 3484 535 3548 Dec.
558 3481 675 3545 Prode.
691 3484 723 3555 Ι.
743 3509 778 3569 p.
792 3479 866 3549 186.
889 3514 932 3529 —
953 3483 1030 3546 Dec.
1053 3481 1143 3571 Syst.
1164 3495 1232 3550 not.

250 3600 296 3663 ΙΙ.
314 3624 350 3684 p.
372 3595 447 3664 437.
472 3628 513 3673 -ς
535 3588 670 3682 Spreng.
694 3598 781 3681 Syst.
804 3622 871 3681 neg.
896 3600 939 3661 ΙΙ.
959 3623 994 3684 p.
1017 3597 1094 3664 855.

206 3709 382 3799 Raphanus
408 3713 561 3778 sibiricus.
595 3713 736 3778 Peribit.
759 3716 822 3777 ΙΙΙ.
844 3742 877 3801 p.
890 3712 967 3782 317.
988 3715 1031 3778 H.
1051 3738 1089 3799 p.
1102 3711 1179 3779 498.
1193 3747 1232 3765 ·-

249 3828 333 3892 Fare
361 3840 483 3914 topogr.
507 3810 619 3912 Beytr.
641 3830 685 3892 ΙΙ.
712 3853 749 3913 p.
771 3828 846 3896 218.
878 3864 914 3879 -
960 3829 1087 3895 Putria.
1111 3830 1230 3895 Florul.

249 3945 394 4007 bernoni.
415 3945 501 4008 Msc.
531 3976 573 3991 -
615 3943 757 4030 Mureny
777 3953 811 4010 in
832 3968 904 4012 nov.
928 3944 1101 4013 Comment-
1126 3944 1232 4011 Goett.

250 4056 296 4120 V.
314 4080 351 4140 p.
362 4055 414 4121 48.
440 4056 527 4137 1.,11.
548 4063 733 4146 (descriptio
751 4067 883 4151 siliquae
902 4076 934 4127 et
954 4070 1108 4127 seminum
1120 4062 1233 4137 muln).

214 4168 391 4263 Raphanus
412 4173 498 4239 foliis
520 4176 679 4261 pinnatis,
701 4176 811 4263 pinnis
833 4174 1086 4259 confluentibus,
1109 4178 1234 4267 siliquis
