2566 4726
372 193 431 274 cr.
458 196 580 275 xvn.
631 172 872 313 Distetptic'
959 256 970 273 ..
1060 205 1182 287 rot

151 382 365 469 Synonymon
387 384 446 446 cel.
468 348 612 477 Decand3
637 382 760 491 omisi,
774 387 831 472 qui
850 389 992 475 plantem
1013 393 1180 463 Petrinis.

37 527 150 602 nom,
173 504 256 564 forte
270 499 305 562 in
320 497 465 564 Devuria
476 500 602 588 lectam,
625 519 670 564 ex
682 496 776 565 icone
790 503 1024 574 Deteseertiana
1035 506 1089 588 (ll.
1097 521 1123 580 t.
1132 511 1178 595 9.)

10 622 12 629 '
53 621 100 684 eb
122 617 240 681 elteice
262 611 433 696 diversam,
456 626 532 679 ente
554 616 664 680 oculos
685 616 840 683 habuisse
861 617 999 698 videtur.

145 772 174 839 tt
196 771 414 860 descriptione
435 783 564 838 nostroe
585 774 712 873 plontee
735 776 885 862 elucebit,
910 780 1026 866 quibus
1046 733 1132 849 notis
1152 806 1175 850 e

52 893 321 991 Deoondolleorro
342 900 376 951 et
395 888 631 955 Delessertiono
653 887 791 956 differat.

137 1046 278 1141 'Radix
295 1048 457 1127 tuberose,
481 1047 722 1113 oveto-conica
736 1053 790 1114 vel
810 1052 1080 1137 subcylindracee,
1098 1059 1172 1144 pol-

51 1166 154 1230 licem
176 1163 296 1227 circiter
317 1164 430 1244 longe,
452 1174 545 1227 extus
567 1165 867 1249 lusco-nigricans,
887 1169 976 1232 intus
998 1172 1170 1237 luteo-vi.
1265 1240 1270 1251 ι

53 1300 195 1345 merens.
240 1276 381 1342 Ceulis
408 1281 598 1366 plerumque
624 1281 788 1346 solitarios
817 1283 935 1362 (rarius
957 1283 1024 1351 duo
1042 1304 1086 1350 ex
1106 1307 1172 1351 une

54 1394 165 1462 radice
187 1392 414 1483 proveniunt),
436 1395 627 1480 plerumque
648 1394 782 1459 4—5-
790 1400 972 1483 polliceris,
993 1401 1171 1484 longitudi-

55 1534 134 1576 nem
157 1512 404 1596 sexpollicerem
433 1530 502 1574 raro
525 1510 668 1607 attingit,
699 1511 862 1578 rarissime
890 1535 1004 1600 perum
1032 1529 1171 1603 superat.

57 1626 182 1692 Folia
204 1631 362 1690 radicalia
391 1625 424 1687 in
455 1627 565 1712 plenta
593 1627 792 1690 caulescoote
818 1630 918 1692 nulla.
953 1631 1172 1716 ‘Squamae

58 1743 142 1808 duae
163 1744 199 1805 in
220 1742 331 1804 infime
354 1742 450 1804 caulis
475 1754 582 1831 parte,
610 1764 706 1829 saepe
733 1743 816 1806 inira
837 1755 943 1808 terrae
965 1748 1170 1835 superficiem

57 1861 157 1940 sitas,
179 1878 223 1921 ex
245 1855 576 1926 albido·latescentes
598 1861 654 1922 vel
675 1860 887 1941 virescentes,
910 1871 1040 1941 ovatae,
1062 1885 1170 1928 mem-

57 1979 241 2054 branaceae,
264 1973 354 2058 apice
376 1971 565 2036 rotundatas
587 1978 640 2038 vel
662 1976 696 2039 in
719 1995 906 2038 mucronem
928 1977 1062 2058 longum
1083 1991 1168 2066 atte.

57 2101 193 2170 nnateo‚
223 2090 381 2166 alternae,
416 2090 539 2152 caulem
573 2068 837 2171 subreginantes.
890 2090 1012 2155 Folia
1038 2101 1169 2162 cautino

56 2206 160 2274 2-3
180 2206 214 2269 in
233 2204 388 2268 inferiore
410 2205 508 2269 caulis
530 2216 619 2292 perte
640 2227 753 2292 parum
777 2226 873 2292 supro
894 2227 1043 2293 squamas
1062 2212 1169 2296 petio-

57 2325 135 2400 lete,
158 2322 278 2403 glauce,
300 2294 446 2384 trisecte:
476 2329 643 2404 segmentis
664 2322 845 2415 sessilibns,
872 2323 1057 2410 tripertitis,
1087 2331 1170 2391 laci·

55 2448 119 2507 niis
140 2437 307 2512 oboratis,
329 2437 564 2519 integerrimis,
589 2439 892 2504 submucronulatis.
935 2438 1095 2505 Petioli
1116 2445 1172 2505 fo·
1263 2432 1265 2437 ’

55 2556 111 2621 tiis
135 2552 234 2640 duplo
255 2553 310 2615 vel
332 2552 427 2638 triplo
449 2553 622 2634 longiores,
646 2555 735 2616 basin
758 2575 872 2619 versus
895 2552 1039 2637 dilatati,
1063 2558 1169 2622 colore

55 2683 91 2736 et
119 2679 273 2733 structure
304 2688 518 2754 squamarum.
573 2665 779 2732 Racemus
803 2671 997 2750 terminalis,
1034 2683 1169 2754 erectus,

54 2789 228 2864 confertus,
248 2782 512 2848 4-10-florus.
555 2780 748 2846 Bracteee
770 2782 1034 2870 quoed‘iormsm
1049 2785 1170 2868 variae,
1202 2781 1206 2786 ’

55 2901 235 2988 ellipticae,
258 2877 513 2963 suborbiculstee
534 2900 590 2964 vel
611 2902 788 2980 oboratee,
811 2899 900 2986 spice
922 2897 1093 2964 rotundato
1115 2901 1171 2966 vel

54 2989 173 3107 perum
194 3012 363 3102 producto,
384 3015 625 3095 integerrimae,
647 3015 961 3096 nervoso-seriano,
985 3017 1170 3080 subcolora-

54 3112 128 3218 toe',
159 3127 181 3193 4
202 3131 325 3203 circiter
345 3131 446 3192 lineos
469 3131 602 3211 longae,
630 3130 804 3216 podicellos
832 3143 1006 3217 aequantes
1027 3134 1083 3198 vel
1113 3155 1172 3197 su·

28 3232 216 3339 'petentem
267 3245 292 3309 F
299 3246 417 3309 lores
445 3244 636 3331 pedicelloti.
688 3243 816 3327 Galyx
845 3245 1022 3334 disspalos:
1054 3253 1172 3332 sepelis

55 3364 198 3453 peltatis,
222 3362 413 3441 orbiculatis,
437 3361 581 3441 margine
598 3357 747 3440 dentatis,
771 3361 908 3440 cyaneis,
932 3359 1087 3423 diametro
1101 3365 1170 3426 fere

56 3480 185 3543 lineari.
221 3474 417 3544 Corollee
438 3478 627 3563 plerumque
648 3475 679 3555 8,
700 3474 741 3538 ad
763 3493 925 3538 summam
947 3472 1000 3554 10,
1022 3476 1173 3561 pollicem

55 3597 193 3677 longae,
216 3593 395 3680 pendulos:
426 3595 553 3657 calcare
574 3613 701 3654 sursum
723 3600 1053 3678 spectanto,crasso,
1077 3595 1174 3660 obtu.

57 3712 201 3790 sissimo,
223 3712 313 3797 spice
334 3711 478 3788 incurvo,
500 3709 679 3793 petelorum
703 3707 822 3770 lomina
844 3707 1035 3792 plerumque
1056 3731 1173 3797 perum

56 3826 221 3917 longiore.¹
262 3827 407 3889 Petale
437 3831 599 3909 exteriora
629 3844 648 3887 e
677 3843 838 3910 purpureo
868 3822 1030 3906 violaceo,
1059 3847 1174 3891 versun

58 3942 153 4010 basio
172 3939 362 4030 pallidiore:
386 3946 512 4006 calcare
533 3939 662 4005 sordide
683 3936 880 4033 rubicundo,
901 3945 1054 4006 interiore
1074 3941 1174 4024 lutee,

55 4055 101 4127 'nd
123 4056 265 4123 carinam
286 4066 562 4143 etro-purpurea.

110 4244 285 4294 maalein
306 4241 353 4298 nt.
486 4276 491 4288 ,
856 4223 900 4290 16
