2566 4726
199 212 208 221 ·
300 150 396 270 ³01.
422 192 508 269 xv.
562 188 874 290 uenasynama.
1003 180 1009 197 ‘
1111 191 1163 264 73

434 380 466 443 b.
495 381 784 444 bomotrioboe.

347 504 385 587 3)
413 503 535 572 Dans
558 526 696 573 nuens.
725 504 868 571 Adanu.

49 634 99 712 D.
125 630 258 737 scapis·
279 633 519 737 subapbyllis
537 634 796 739 glaberrimis,
822 631 925 710 loliis
948 629 1165 708 lineari-ob·

98 765 229 867 longis
254 765 504 844 acutiusculis
529 765 793 868 integerrimis
815 764 904 865 pilis
924 763 1164 863 simplicibus

100 894 251 975 oiliatis
283 912 323 974 et
347 897 551 992 subbirtis,
583 898 719 998 patalis
751 898 886 999 calyce
917 897 1048 999 glabro
1079 899 1163 974 sub·

63 1040 66 1045 ’
101 1029 219 1131 duplo
245 1029 502 1133 longioribus,
528 1030 691 1107 siliculis
715 1026 896 1128 ellipticis
919 1028 1164 1131 glaberrimis

101 1160 288 1263 pedicsllo
321 1162 555 1266 glaberrimo
588 1160 912 1265 sublongioribus,
951 1162 1050 1263 stylo
1080 1162 1165 1237 sub·

100 1295 221 1369 nullo.

140 1423 188 1492 D.
212 1425 325 1488 lactea
370 1421 502 1489 Adoms
528 1429 561 1487 in
582 1421 686 1489 Mon.
709 1427 764 1489 des
783 1424 901 1489 Nutur.
925 1428 965 1489 de
984 1424 1092 1490 Mosc.
1116 1425 1163 1490 V.
1241 1454 1245 1459 ·

176 1563 215 1626 p.
228 1535 302 1603 104.
319 1568 364 1587 ·-
383 1538 464 1606 Dec.
485 1524 601 1604 Pron.
625 1541 655 1605 Ι.
674 1565 708 1626 p.
724 1536 798 1607 170.
820 1573 864 1589 -
884 1540 962 1603 Dec.
985 1540 1073 1624 Syst.
1094 1552 1164 1604 not.

122 1741 126 1744 ῃ
182 1655 232 1719 Η.
252 1677 287 1740 p.
302 1651 379 1721 347.
399 1684 444 1706 -
464 1655 599 1742 Spreng.
620 1656 706 1742 Syst·
725 1679 795 1739 vag.
816 1656 866 1720 ΙΙ.
886 1678 919 1740 p.
938 1654 1015 1722 875.
1037 1686 1077 1705 -
1099 1656 1166 1720 Le-

185 1771 256 1834 deb.
276 1771 324 1835 Io.
343 1769 392 1857 pt.
413 1771 463 1835 Ft.
487 1793 567 1838 ross.
591 1776 648 1837 ult.
672 1776 786 1837 illustr.
809 1783 833 1836 t.
856 1768 934 1839 200.

96 1882 184 1949 Hab.
204 1882 238 1947 in
260 1884 403 1950 humidis
425 1887 548 1973 alpium
569 1889 655 1969 (L).
675 1919 721 1979 .''''
742 1886 790 1951 Fl.
814 1885 913 1967 Maio,
936 1882 1043 1948 Junio.
1072 1891 1123 1956 21..

144 1999 301 2065 Proxime
328 1998 448 2064 accedit
471 1999 513 2065 ad
533 2000 576 2065 D.
599 2000 927 2081 Wahlenbergii
948 1999 1166 2086 Hortm.''(D.

22 2166 28 2175 ,
52 2095 356 2181 androsacsam
377 2115 541 2183 Wulslenb.
554 2116 613 2199 El.
636 2113 761 2201 Lopp.)
785 2126 817 2178 et
838 2115 902 2179 nisi
923 2114 999 2201 pilis
1019 2118 1169 2184 omnibus

54 2229 258 2318 simplicibus
277 2229 426 2316 (forratis
446 2230 679 2317 planenullis)
702 2251 795 2311 augre
824 2232 863 2292 ab
884 2229 1169 2311 illedignoscitur.

42 2342 246 2433 ,Descriptio
267 2348 366 2410 calab.
381 2344 511 2412 Adoms
525 2351 583 2413 l.o.
602 2369 676 2412 cum
697 2348 808 2434 planta
828 2354 938 2409 nostra
959 2346 1071 2409 altaica
1088 2350 1171 2413 bens

10 2518 14 2523 .
58 2460 226 2527 convenit.
269 2459 387 2526 Folia
408 2461 535 2528 uariant
553 2459 756 2546 longitudine
776 2481 795 2523 a
816 2460 873 2524 lin.
893 2458 914 2525 4
935 2459 976 2523 ad
997 2460 1019 2524 7
1038 2463 1095 2528 lin.
1117 2486 1173 2527 us-

61 2596 145 2663 que,
166 2573 379 2640 latitudines
400 2575 539 2664 {A}
559 2579 639 2662 lin.;
670 2597 811 2664 superus
829 2577 898 2639 iera
918 2597 1045 2662 semper
1065 2580 1172 2660 glabra

59 2689 244 2757 salnarias
266 2692 388 2779 apicem
409 2713 524 2757 versus
546 2695 708 2774 subhirta‚
737 2693 848 2754 subtus
869 2712 954 2755 nunc
975 2692 1012 2755 in
1031 2703 1099 2757 tota
1118 2717 1174 2759 su-

62 2806 197 2895 perficie
216 2806 293 2895 pilis
316 2807 545 2894 copiosioribus
565 2810 620 2876 vel
641 2808 814 2875 rarioribus
835 2806 964 2886 uestitu,
985 2829 1070 2870 nunc
1092 2833 1176 2876 non-

63 2923 132 2988 nisi
152 2919 195 2987 at
216 2922 358 2987 carinam
379 2923 481 3005 hirta,
511 2913 597 2989 nunc
617 2947 696 2992 voro
719 2925 863 3012 (praeter
886 2922 1083 3003 marginem)
1105 2928 1175 3007 gla-
1203 2985 1206 2989 .

64 3037 220 3103 berrima.
259 3034 383 3124 Scupi
405 3035 511 3124 quoad
530 3039 734 3109 altitudinem
755 3059 852 3127 quam
872 3039 1016 3102 maximo
1037 3041 1176 3106 variabi-

67 3153 137 3234 les3
155 3151 304 3237 floriferi
325 3151 368 3217 10
388 3152 445 3215 lin.
469 3149 511 3215 ad
532 3151 584 3233 2}
604 3156 684 3239 poll.
706 3142 804 3238 longi,
817 3131 989 3236 ⁸fructiferi
1009 3177 1087 3221 vero
1109 3181 1177 3222 non

68 3288 143 3332 raro
164 3266 367 3353 altitudinem
388 3265 411 3330 4
431 3268 508 3359 poll.
531 3267 744 3352 attingentes3
773 3269 963 3334 humiliores
990 3271 1177 3359 saepissime

71 3385 215 3471 uphylli,
242 3383 371 3449 altiores
397 3405 475 3447 vero
502 3384 690 3471 plerumque
710 3385 746 3447 in
768 3382 876 3447 media
896 3395 986 3471 parte
1006 3387 1061 3449 vel
1081 3390 1178 3474 paulo

72 3518 169 3586 supra
190 3497 335 3564 medium
356 3500 438 3563 folio
460 3499 565 3564 sensili
585 3499 745 3569 instructi.
787 3499 937 3564 Floras
959 3500 1066 3587 parvi,
1088 3522 1180 3585 mag-

73 3608 224 3678 niluclios
245 3611 286 3680 D.
309 3615 536 3702 rupestris,
565 3591 715 3680 exsiccati
746 3636 843 3702 saepe
868 3614 1065 3684 ocbrolsuci.
1107 3617 1181 3683 Se-

73 3729 170 3815 pala
197 3730 293 3816 saepe
322 3731 546 3808 uelamentis,
582 3724 709 3819 semper
739 3731 941 3812 glabsrrima.
994 3725 1182 3797 Stamina

74 3843 222 3925 longiora
255 3844 458 3928 longitudine
495 3845 629 3932 pistilli3
663 3847 838 3919 filamentis
876 3848 1025 3915 omnibus
1062 3849 1182 3929 liberis,

76 3938 250 4038 edentulis
269 3960 361 4025 basin
382 3981 495 4028 versus
516 3961 937 4045 membranaceo-dilatatis,
960 3963 1103 4027 antberis
1118 3965 1184 4025 basi

78 4070 217 4138 cordatis
244 4075 449 4175 subrutunclis
477 4079 674 4144 ochroleucis
701 4080 894 4145 terminatis.
942 4078 1095 4161 Stylus·
1115 4081 1185 4143 bre-

78 4184 250 4269 vissimus
270 4190 328 4257 uix
350 4194 445 4259 ullus.
489 4191 647 4278 stigma
668 4196 752 4279 stylo
774 4198 868 4280 paulo
892 4195 1037 4261 crassius.
1081 4192 1188 4259 sili-
