2566 4726
308 282 312 295 ¹
380 247 442 329 ct.
466 250 553 327 XV.
605 249 915 351 'l'etrsdynemia
1032 339 1035 346 ¹
1150 255 1202 334 83

349 434 415 514 ’9)
448 434 568 503 ΒΜΔ
591 457 779 503 corrosus.
813 436 911 505 Ehrle.
985 393 992 403 ἱ
1038 493 1042 499 ,

79 555 136 632 Ι).
165 549 338 630 caulibus
368 554 534 632 semesis
564 554 712 633 foliosis
743 581 835 633 cum
861 554 1056 658 poticellis
1080 554 1200 634 foliis·

62 786 70 805 .
138 711 213 785 que
232 683 330 784 pube
351 709 503 764 ramosa
525 700 563 763 et
586 687 676 789 pilis
697 687 938 791 simplicibus
958 685 1120 782 incenis,
1144 688 1200 764 fo·

136 817 205 893 liis
231 815 402 918 oblongis
426 819 598 897 ovetisve
624 820 748 898 acutis
773 820 956 914 dentatis,
980 820 1115 920 petslis
1135 819 1200 896 ob-

78 1030 82 1036 ,
136 948 265 1049 longis
305 952 440 1053 calyce
477 951 704 1052 pubescente
735 953 917 1053 subduplc
952 951 1199 1054 longioribus,

136 1080 303 1161 siliculis
324 1082 495 1186 oblongis
518 1084 731 1182 (contortis)
753 1085 898 1189 glabris
918 1084 1101 1187 pedicello
1119 1085 1199 1163 len·

137 1213 323 1316 guribus,
348 1217 447 1317 stylo
474 1215 713 1293 brevissimo.

171 1343 216 1411 D.
239 1356 391 1409 contorta.
432 1345 531 1413 Etru
554 1348 654 1414 Beitr.
678 1347 756 1413 VII.
777 1345 963 1433 p.155.-
983 1348 1060 1416 Dee.
1077 1328 1198 1416 Predr.

214 1463 244 1525 1.
262 1485 298 1546 p.
322 1458 397 1528 170.
417 1493 462 1509 ·-
493 1462 571 1529 Dee.
587 1464 674 1549 Syst.
696 1475 762 1530 not.
783 1465 828 1531 ll.
847 1487 885 1549 p.
906 1457 983 1530 348.
1004 1463 1105 1548 (exul.
1117 1461 1199 1546 scr-

204 1552 276 1642 'san
297 1598 370 1642 vor.
393 1573 446 1662 β.)

85 1712 88 1719 ·
172 1689 217 1758 Ι).
237 1692 352 1759 incana
372 1694 408 1780 β.
434 1690 597 1759 Walelenb.
620 1693 670 1762 et.
693 1717 773 1762 suec.
792 1719 828 1782 p.
850 1691 925 1762 398.

85 1794 174 1875 Hsb.
194 1807 236 1873 ed
264 1808 299 1874 fl.
318 1806 461 1889 Tscbuja
487 1808 523 1874 in
551 1809 710 1876 umbrosis
741 1806 822 1896 (Β.)
847 1822 892 1861 ’-
927 1806 976 1873 ΕΙ.
996 1805 1098 1890 Maio,
1118 1807 1195 1874 Jnn.

131 1925 257 2016 zie.

171 2038 287 2104 Veniet
310 2050 345 2103 et
366 2040 445 2102 haec
466 2038 586 2126 species
607 2048 718 2103 exacte
740 2036 788 2100 uti
809 2034 853 2101 D.
874 2038 1062 2115 confusa,
1089 2036 1198 2106 radice

87 2154 149 2221 bi·
167 2154 237 2219 tri·
255 2156 311 2221 vel
330 2154 481 2242 perenni,
504 2154 594 2217 caule
616 2151 789 2216 humiliore
809 2153 865 2216 vel
884 2151 1036 2235 elatiore,
1059 2176 1198 2236 ramoso,

89 2272 296 2346 subramoso,
325 2269 426 2334 immo
447 2268 713 2355 simplicissimo,¹
725 2266 812 2331 foliis
833 2266 975 2331 crebrius
995 2271 1051 2333 sel
1070 2272 1196 2356 parcius

89 2385 247 2477 dentatis,
267 2385 342 2472 pilis
364 2384 562 2472 simplicibus
585 2383 813 2472 copiosioribus
834 2384 891 2448 vel
915 2383 1115 2470 paucioribus
1137 2383 1197 2450 ad-

89 2504 219 2591 spersis.
263 2498 428 2568 structura
447 2500 550 2580 floris,
580 2501 723 2564 siliculee
744 2509 778 2565 et
797 2498 960 2565 seminum
980 2501 1115 2565 omnino
1132 2500 1196 2569 Dr.

50 2662 53 2667 ·
79 2588 302 2701 'confusae‘
322 2626 502 2683 constanter
522 2626 632 2678 temen
654 2617 693 2679 ab
715 2614 772 2678 illa
795 2612 902 2681 differt
921 2616 1055 2683 siliculis
1076 2617 1195 2701 glabris

87 2720 162 2824 plns
181 2733 334 2801 minusve
355 2729 519 2799 contortis.
562 2727 695 2833 §ultera
715 2740 848 2816 perstat.

88 2904 152 2975 ΠΙ.
195 2891 455 3000 DRABELLA.
497 2899 700 2991 Annuus,
724 2904 831 2989 pube
852 2923 1014 2968 ramoso
1035 2902 1074 2967 et
1093 2907 1196 2968 sim-

124 3027 236 3112 plici
254 3025 454 3102 vestitae,
483 3021 668 3090 caulibus
686 3018 865 3101 foliosis
891 3022 1091 3098 ramosis,
1112 3018 1196 3100 so-

131 3142 213 3203 liis
241 3142 492 3239 saepissime
522 3140 710 3202 dentatis
743 3139 923 3209 caulinis
954 3129 1193 3217 senilibus,

124 3253 326 3367 floribus
346 3251 503 3334 flavis
517 3255 584 3317 vel
610 3253 738 3330 olbis,
766 3255 963 3332 stigmate
987 3251 1147 3316 sessili.

437 3366 471 3434 1.
495 3365 852 3449 floribusflevis.

408 3478 466 3569 10)
498 3481 618 3548 Dusus
638 3502 763 3546 nurus.
790 3479 885 3545 Gilib

92 3596 145 3674 De
170 3595 281 3675 caule
310 3621 462 3675 ramese
494 3599 628 3691 folioso
659 3596 837 3694 foliisque
859 3592 956 3695 pube
980 3617 1133 3672 ramosa
1159 3607 1197 3671 et

141 3729 236 3829 pilis
260 3729 502 3830 simplicibus
527 3730 828 3839 pubescentibus,
852 3726 958 3819 foliis
981 3727 1195 3804 acutiuscu-

38 3878 40 3943 Ξ
124 3861 192 3937 ·lis
207 3859 400 3956 dentatis,
423 3839 590 3941 caulinis
611 3862 753 3956 oretis,
786 3860 920 3963 petalis
946 3859 1218 3961 emarginatis‘

38 3990 40 4003 '
140 3994 278 4094 calyce
297 3996 413 4096 piloso
435 3995 808 4099 sesquilongioribus,
832 3993 994 4070 siliculis
1013 3992 1195 4092 elliptico·

136 4125 314 4227 oblongis
338 4111 542 4225 <so-lo-
546 4128 731 4232 spermis)
751 4127 893 4243 glabris
914 4124 1095 4228 pedioello
1112 4120 1196 4200 sub-

142 4255 277 4358 glabre
301 4256 576 4407 breuioribus.

862 4302 916 4430 'es
