2566 4726
133 226 208 302 128
418 219 478 300 ct
502 222 587 297 XV.
638 220 948 321 Tetradynamia.

176 440 203 485 s.
225 415 359 497 forres
378 416 472 475 emes
491 411 858 494 repensaturus„
884 386 1226 504 meereprnnarss

238 533 384 604 scotis,·
413 532 574 589 summis
600 510 894 607 integerrimis.
1066 607 1071 613 Ι
1239 502 1243 509 ¹

218 643 262 710 Α.
296 644 509 726 oalyoibus
528 645 692 722 glabris
712 636 1088 724 (floribusfluvis)

301 757 513 840 Sisymbrium
548 754 745 820 multifidum
779 757 910 843 Spreug.
939 757 1027 842 Syst.
1056 769 1164 899 urget.
1194 756 1239 821 Π.

341 897 374 959 p
398 872 490 936 904?

217 990 255 1054 Β
288 989 503 1072 calyoibus
522 991 677 1072 pilosis
697 984 1088 1072 (floribusflauis).

132 1108 216 1172 Hab.
244 1101 333 1167 haud
361 1124 432 1165 raro
458 1100 519 1184 (L.
542 1104 595 1165 M.
618 1100 688 1184 B.).
734 1104 775 1167 V
778 1111 979 1168 aristoles
1007 1101 1107 1168 modo
1136 1101 1239 1166 dictae

176 1240 272 1307 saepe
294 1218 472 1303 promiscue
494 1230 653 1299 crescunt,
683 1243 714 1299 or,
737 1220 764 1305 β
785 1231 817 1280 et
837 1243 859 1305 y
880 1218 1072 1305 praesertim
1100 1218 1136 1282 in
1160 1218 1237 1282 locis

173 1334 379 1398 fertilioribus
403 1344 436 1394 et
458 1334 498 1397 ad
519 1334 693 1398 fluviorum
715 1336 801 1421 ripas
823 1335 891 1412 (ubi
913 1333 1117 1397 altitudinem
1140 1334 1238 1421 tripe-

175 1450 282 1513 dalem
311 1450 485 1529 attingunt)
514 1462 699 1525 occurrunt,
729 1457 959 1514 uarietates
985 1447 1100 1514 dete
1129 1461 1238 1512 autern

173 1565 372 1650 frequentius
392 1565 426 1627 iu
447 1566 526 1628 locis
548 1566 729 1628 siccioribus
750 1565 861 1644 aridis,
883 1566 916 1628 in
939 1565 1150 1651 rupeetribus,
1173 1565 1237 1626 col-

174 1681 260 1744 libus
283 1691 360 1758 etc.;
388 1681 558 1743 varietates
583 1682 704 1765 pilosas
732 1683 860 1766 saepius
883 1682 916 1741 in
938 1679 1082 1745 arenosis
1103 1679 1236 1743 inveni

152 1790 264 1885 ¹ntus,
286 1795 386 1857 rarius
408 1819 442 1856 ιιι
460 1796 678 1880 rupestrrbus
707 1817 787 1859 vor
810 1794 948 1883 pB.1n
972 1797 1067 1859 horto
1090 1795 1238 1866 botanico

108 1887 110 1893 Ι
175 1923 309 2013 enatae
332 1910 507 1972 seminibus
531 1911 693 1974 varietatis
709 1906 745 1994 β
760 1910 803 1976 A.
822 1913 851 1974 b.
870 1943 913 1958 -
934 1911 983 1974 ΕΙ.
1006 1908 1106 1992 Majo,
1127 1908 1237 1975 lunio.

177 2034 226 2098 ²4
249 2023 302 2108 (in
327 2027 502 2100 hortisO.
527 2025 675 2109 veles.)
1241 2011 1244 2016 ⁴

57 2148 64 2158 ‘
215 2140 326 2203 Planta
356 2163 451 2226 quam
478 2145 619 2204 maxime
640 2118 800 2205 variabilis
829 2152 860 2203 et
888 2138 1040 2203 transitus
1062 2139 1152 2205 inter
1171 2143 1237 2203 for·

131 2277 201 2320 mas
224 2277 320 2341 snpra
343 2269 536 2321 memoratas
558 2257 644 2321 haud
667 2260 836 2335 obscurus;
865 2277 973 2341 neque
994 2254 1113 2319 desunt
1136 2255 1236 2343 speci-

99 2450 102 2457 ,
131 2373 219 2435 mine
241 2372 331 2456 quasi
351 2374 509 2450 ambigua.
985 2346 989 2357 Ι

215 2485 344 2551 Radix
364 2487 531 2571 perennis,
554 2487 738 2572 subrepens,
760 2507 819 2573 per
839 2487 1008 2550 intervalla
1029 2506 1128 2573 saepe
1149 2481 1234 2549 rudi-

131 2600 249 2666 mentis
271 2600 408 2662 caulium
431 2623 589 2667 annorum
610 2602 856 2688 praeteritorum
878 2602 1047 2678 instructo,
1076 2602 1112 2664 in
1136 2601 1234 2664 bortis

131 2737 226 2802 saepe
254 2735 358 2777 annua
388 2717 442 2780 rel
473 2719 606 2780 biennis.
664 2718 805 2779 Herba
833 2714 904 2802 plus
934 2717 1087 2781 minusve
1114 2718 1232 2798 glauce,

130 2854 215 2896 nunc
237 2832 446 2914 gleberrima,
477 2855 562 2895 nunc
583 2854 696 2895 versus
717 2833 807 2894 basin
829 2832 905 2918 pilis
926 2830 1073 2913 rigidulis
1095 2832 1232 2896 reversis

131 2947 359 3033 copiosioribus
386 2948 442 3009 vel
468 2948 638 3009 rarioribus
662 2945 839 3034 adspersa'
868 2943 1021 3010 Caules
1053 2944 1233 3033 semipeda-

129 3065 186 3142 les,
208 3059 347 3146 pedales,
371 3061 608 3146 sesquipedales
631 3063 684 3127 vel
705 3062 845 3142 altiores,
867 3059 1231 3148 interdum'tripedeles,

129 3179 201 3263 plus
221 3177 370 3239 minusve
391 3177 528 3258 ramosi,
560 3199 624 3240 non
647 3199 718 3242 reru
740 3160 980 3262 simplicissimi.
1026 3176 1155 3241 Folio
1174 3196 1232 3265 po·

34 3368 37 3381 1
129 3293 311 3398 lpmorpba,
334 3313 418 3353 nunc
441 3292 550 3354 omnia
573 3293 716 3373 linearia,
740 3292 1005 3397 ξ-41ξιιΛιιιιι,
1027 3291 1230 3374 integerrime

129 3410 183 3472 vel
204 3409 327 3472 infima
336 3406 505 3471 denticulis
526 3409 661 3472 minutis
687 3409 795 3496 paucis
821 3408 856 3471 in
878 3429 944 3470 uno
966 3406 1052 3470 uel
1041 3429 1077 3470 ιιι
1099 3418 1232 3492 utroque

129 3524 231 3584 latere
252 3525 423 3600 instructor
454 3545 539 3586 nunc
566 3525 724 3605 inferiora
753 3524 908 3586 sinuato·
914 3522 1060 3586 dentata:
1092 3518 1233 3586 dentibus

130 3637 279 3699 brevibus
301 3638 373 3701 latis
395 3639 494 3702 acutis
510 3640 564 3721 vel
582 3640 683 3719 magis
704 3638 868 3723 magisque
889 3637 1047 3719 elongetis
1068 3638 1233 3719 angustio·

130 3751 216 3814 ribus
238 3752 315 3815 solia
341 3751 528 3836 pinnatilida
543 3752 795 3817 mentientibus.
839 3751 877 3815 In
908 3753 980 3817 aliis
1007 3751 1234 3839 speciminibus

129 3866 207 3927 folia
228 3867 371 3949 (praeter
391 3885 518 3929 summa
540 3879 573 3930 et
594 3873 721 3946 ramea)
741 3871 809 3931 lere
829 3867 870 3930 ad
892 3879 1013 3932 costam
1035 3887 1141 3953 usque
1161 3866 1233 3954 pin·

130 3979 299 4042 natisecta:
332 3982 458 4044 laciniis
479 4004 564 4044 nunc
584 3983 813 4065 integerrimis,
840 3984 982 4047 nuncin
1003 3983 1092 4046 loliis
1114 3976 1233 4044 infimis

127 4086 325 4156 2-3-fida
348 4096 401 4157 vel
423 4097 549 4181 partita.
593 4097 643 4162 Ex
666 4100 941 4162 observationibus
962 4098 1079 4161 nostris
1100 4096 1186 4175 folia¹
1200 4095 1241 4167 in,

128 4208 206 4274 locis
227 4209 454 4299 humilioribus
476 4222 509 4275 et
529 4213 735 4281 fertilioribus
756 4232 886 4305 semper
906 4213 1017 4304 minue
1039 4210 1168 4297 divise,
1197 4208 1231 4273 in
