2566 4726
80 235 130 310 82
372 225 431 305 Cl.
458 232 542 306 XV.
595 227 950 328 Tetradyoamia.··.

210 420 324 483 Patrio
346 417 393 481 Fl.
415 420 559 482 bor-unul.
581 415 666 481 Mas.
691 446 733 464 -··
759 414 984 499 Fullc‘ropogr.
1008 404 1122 498 Repu.
1147 414 1196 480 11.

205 558 241 620 p.
263 529 340 597 214.
366 567 409 580 —

85 651 168 717 Hab.
191 651 225 713 iu
248 648 447 736 rupestribue
469 649 632 713 montium
654 656 687 710 et
709 646 841 711 collium
862 644 982 734 ubique
1003 646 1063 734 (L.
1073 646 1128 713 M.
1144 642 1202 733 Β.)

126 763 508 851 -Ε1.Αριὶ1.-.Ῑιιιι,
545 763 594 836 ἆ.
618 769 669 832 ll.

170 878 285 944 Variat
305 879 383 966 pilis
405 877 604 964 simplicibus
619 873 775 957 elongatis
792 874 1025 964 copiosioribus
1044 879 1103 944 vel
1122 896 1203 964 pau-

89 994 225 1061 cioribus
252 993 331 1078 (sed
357 992 404 1059 in'
421 995 574 1058 foliorum
595 993 741 1073 margine
762 1002 796 1054 et
814 992 849 1055 in
872 994 990 1080 sepelis
1011 990 1100 1056 baud
1122 992 1203 1057 deli-

90 1107 280 1195 cientibus).
325 1107 441 1174 Variat
471 1110 588 1189 etiam,
614 1128 674 1193 pro
702 1102 772 1171 solo
799 1107 912 1187 natali,
944 1119 1066 1172 statura
1095 1107 1202 1173 bumi-
1239 1180 1241 1185 ,

89 1227 172 1293 liora
192 1227 247 1291 vel
269 1225 392 1306 altiore,
416 1225 506 1287 caula
528 1223 725 1309 simpliciore
741 1224 796 1289 rel
814 1224 999 1306 ramosiore,
1021 1225 1203 1312 foliispau-

92 1341 230 1413 oloribus
243 1341 298 1404 vel
313 1338 557 1425 copiosioribus,
578 1336 738 1425 profunda
760 1348 793 1401 et
813 1342 924 1402 crebre
945 1336 1086 1403 densatis
1106 1336 1202 1418 (den-

91 1452 175 1529 libus
196 1457 318 1539 lineam
339 1456 407 1518 iere
428 1455 550 1536 longis)
574 1456 628 1519 vel
650 1451 800 1518 dentibus
830 1448 1030 1519 brevioribus
1058 1465 1093 1519 et
1121 1476 1203 1542 pau·

94 1572 230 1639 rioribus
257 1570 395 1651 notatis,
424 1569 527 1633 immo
554 1568 840 1650 subinlegerrimie.
882 1568 1016 1635 Radix
1036 1578 1132 1635 ‘nunc
1153 1571 1203 1634 bi·

93 1691 148 1753 vul
167 1686 319 1764 triennis,
349 1706 435 1748 nunc
456 1682 625 1750 evidenter
646 1684 815 1772 perennis,
846 1704 890 1748 ex
912 1685 981 1750 basi
1002 1687 1105 1750 caulis
1124 1708 1203 1773 pro-

95 1802 229 1890 pagines
247 1820 350 1865 noves
371 1801 480 1864 rosula
502 1811 668 1864 coronatas
689 1799 892 1886 protrudere.
932 1799 1108 1867 Tollantur
1128 1820 1202 1885 ergo

94 1920 215 1984 limites
237 1917 322 1979 inter
341 1913 634 1980 Leucadrabas
656 1928 689 1979 el
710 1914 922 1999 Holargee.

180 2014 325 2098 Petale
346 2031 434 2112 alba,
456 2033 553 2095 breve
574 2032 796 2116 unguiculala,
824 2035 931 2117 calyce
951 2028 1111 2120 subdupla
1131 2033 1204 2099 loo·

26 2221 29 2225 ,
95 2151 207 2233 giora,
231 2147 601 2234 oblongo-apatheiam,
630 2148 859 2226 meliuscula,
884 2148 979 2238 apice
997 2147 1203 2231 emarginala,

94 2267 214 2353 patula.
232 2239 450 2329 'Glandula
470 2262 594 2325 minuta
617 2264 768 2349 utrinque
789 2264 830 2329 ad
851 2267 943 2331 basin
964 2266 1204 2329 filamentorum

95 2383 290 2448 breviorum.
331 2377 572 2443 Filumenta
592 2375 704 2459 libera,
725 2377 886 2464 edentula,
905 2376 1204 2446 basi-membrana·

98 2494 328 2562 ceo-dilatala.
379 2489 598 2579 Antherae
625 2493 855 2580 ochroleucae,
889 2517 1028 2583 parvae,
1059 2494 1206 2561 cordato-

80 2609 359 2685 ΙιιιιῑιοιῑιίοιιΙιιιιιο.
400 2605 600 2672 Ovarium
621 2608 822 2692 longitudine
842 2588 1028 2678 staminum.
1063 2612 1203 2695 Stylus

97 2745 230 2806 craesus,
254 2720 460 2807 cylindricus‚
480 2724 503 2810 ξ
523 2724 581 2787 lin.
602 2725 738 2807 longus,
760 2727 910 2810 stigmalc
930 2710 1133 2815 suli‘capit'ato
1154 2728 1205 2793 in·

16 2864 19 2871 ¹
96 2853 189 2921 legra
208 2839 410 2908 terminatos.
453 2838 638 2903 Silicula
657 2838 695 2904 in
716 2853 823 2906 nostra
843 2845 955 2910 altaica
976 2847 1086 2933 planta
1099 2862 1205 2935 'saepe

95 2957 193 3044 paulo
214 2955 348 3037 longior,
370 2951 490 3050 (3-4
511 2955 566 3021 lin.
589 2950 702 3036 longa)
722 2967 756 3021 et
776 2960 942 3041 angustior
962 2952 1036 3044 (lix
1056 2954 1145 3025 ullae
1163 2960 1205 3025 li·

94 3091 196 3153 negor
213 3071 313 3149 lala),
343 3089 440 3156 quam
468 3068 504 3132 in
531 3052 761 3156 speciminibus
789 3075 923 3141 suecicia
951 3073 1003 3161 (li,
1012 3078 1074 3145 lin.
1088 3076 1204 3160 ionga,

94 3184 145 3268 1}
166 3184 226 3273 lin.
247 3181 358 3270 lata),
387 3205 466 3271 quae
487 3182 529 3249 ad
555 3208 690 3251 manum
708 3189 830 3275 habam
859 3190 976 3262 adeunt
996 3204 1107 3261 temen
1133 3193 1208 3259 eili-

94 3303 198 3366 culae
207 3298 313 3389 quoad
342 3301 481 3366 formam
509 3301 734 3372 intermediae.
777 3305 1040 3395 Valvulae
1027 3333 1079 3375 ιιι
1092 3307 1205 3375 media

94 3429 184 3504 parte
205 3421 336 3506 planae,
358 3416 503 3501 margine
525 3437 705 3506 convexae,
727 3423 917 3506 herbaceae,
940 3448 1040 3499 nervo
1063 3436 1204 3511 notatae,

11 3565 18 3579 ·
96 3533 585 3601 subvenosae.1'lacentae
613 3538 797 3621 filiformes,
817 3540 982 3608 inclusae.
1036 3538 1205 3606 Semina

95 3648 129 3709 in
152 3666 278 3734 quoque
299 3620 405 3712 loculo
423 3648 580 3735 16-20,
602 3652 836 3741 approximata,
859 3636 1029 3757 biserialia,
1052 3655 1203 3744 pendula,

94 3782 209 3849 parva,
240 3765 330 3842 ruia,
358 3764 603 3846 imrnarginala,
634 3781 788 3834 structura
818 3771 953 3855 generis.
986 3770 1205 3847 Fonuuli

94 3876 373 3957 umbiliccles,
396 3878 500 3961 liberi,
523 3882 650 3963 breves,
670 3885 795 3949 selecei.
838 3879 1206 3976 Dissepimentum

94 3991 283 4101 hyalinum,
314 3994 430 4057 areolis
459 3995 595 4061 minulis
618 3998 824 4067 subrotuudie
853 4002 1124 4094 suballipliciave
1125 4024 1205 4070 exa·

94 4091 200 4173 ratum
222 4118 256 4172 et
276 4107 308 4171 in
330 4108 438 4176 media
459 4123 549 4200 parta
566 4132 668 4183 nervo
688 4114 914 4202 longitudiuali
931 4117 1109 4208 (intertium
1125 4122 1204 4251 eub-

94 4220 216 4307 diviso)
236 4234 393 4291 nolalum.
