2566 4726
361 160 420 241 cl.
446 162 531 241 XV.
582 162 902 268 Tetradynamia.'
1138 184 1183 252 51

76 349 197 438 (ipoll.
218 350 357 430 variant,
378 370 464 413 nunc
484 345 520 411 in
541 347 609 415 ima
630 351 700 418 basi
720 354 808 441 scapi
826 357 946 437 solum,
969 378 1092 420 nuoca
1115 362 1184 428 basi

73 464 112 531 ad
133 465 259 553 apicem
281 486 384 552 usque
406 464 526 551 pilosi,
556 487 661 553 neque
681 466 797 534 desunt
823 470 999 557 specimina
1020 471 1105 537 inter
1124 498 1182 561 pe.
1219 526 1227 535 .

10 586 25 617 ²
49 598 52 605 '
72 582 203 649 licsllos
225 581 324 646 etiam
344 579 421 667 pilis
440 580 555 666 paucis
575 579 745 669 adspersa,
776 584 981 672 padicelli
1002 607 1083 651 rero
1103 613 1182 653 con-

71 709 192 763 stanter
212 706 289 762 sunt
310 695 496 778 glaberrimi
517 696 587 781 (vel
607 699 666 761 vix
688 699 892 787 exasperati),
915 701 984 788 qui,
1008 722 1049 765 ex
1073 674 1178 771 veihis

10 840 31 882 cc
69 814 124 881 cel.
146 810 291 893 Adame,
314 812 349 875 iu
372 809 414 875 D.
439 808 626 875 Gmelini
646 806 711 877 sub'
728 815 817 878 lenta
837 819 1058 901 pubescentes.
1102 816 1177 883 Se·

10 930 29 995 Ξ.
68 929 158 1017 pala
180 949 268 991 nunc
288 927 362 1015 pilis
383 925 598 1012 paucioribus,
623 951 707 993 nunc
721 931 951 1015 copiosioribus
966 932 1089 1017 apicem
1102 950 1177 997 ver-

10 1071 28 1128 ς.
67 1066 117 1111 sua
132 1040 276 1123 'onusla,
306 1043 375 1106 basi
395 1058 524 1128 semper
546 1043 665 1124 glabra.
709 1042 920 1110 Siliculae
940 1048 973 1110 iu
996 1051 1176 1110 nostraal-

10 1188 24 1224 ·.
66 1160 142 1225 selca
164 1159 287 1246 planta,
308 1154 488 1222 2-31511.
509 1157 634 1241 longae,
655 1158 790 1247 ξ-ίξ
804 1161 862 1226 lio.
883 1161 981 1242 latae,
1001 1163 1086 1245 stylo
1108 1173 1175 1226 ler-

66 1277 204 1343 rnioatae
226 1275 329 1361 Η
349 1272 405 1336 lin.
428 1273 538 1354 longo.

10 1427 14 1438 ·
41 1366 44 1375 ¹
142 1389 288 1455 Patala
309 1387 344 1451 in
365 1388 471 1474 plenta
488 1387 603 1451 altaica
617 1408 723 1471 aurea,
745 1390 892 1471 obovata,
915 1388 1006 1477 apice
1024 1386 1174 1455 distincte

61 1506 276 1588 marginata,
309 1505 415 1586 calyce
443 1503 542 1589 triplo
573 1504 728 1586 longiora.
788 1503 813 1567 F
820 1504 1031 1569 ilamenta
1060 1506 1172 1580 libera,

10 1608 17 1697 i
60 1620 234 1700 edentula,
261 1619 327 1683 ima
350 1618 418 1682 basi
443 1618 864 1701 membranaceo-dilatala3
895 1624 1039 1702 longiora
1060 1622 1172 1684 orario

10 1716 15 1741 ²
58 1740 156 1827 paulo
178 1734 336 1799 breviora.
377 1732 593 1799 Antherae
621 1735 798 1823 ellipticae,
828 1732 986 1802 cordulae.
1027 1733 1170 1817 Stylus

56 1851 241 1932 fililormis,
263 1848 422 1931 stigma
443 1870 595 1936 parvum,
619 1851 810 1936 capitatum,
831 1848 1019 1914 indivisum.
1063 1846 1171 1914 Sili-

57 1971 148 2035 cula
169 1964 307 2050 generis.
351 1963 556 2029 Valvulae
577 1966 703 2051 planae,
725 1966 912 2046 herbaceae,
934 1983 1034 2026 nervo
1055 1971 1089 2024 et
1108 1983 1169 2026 ve·
1196 2014 1200 2029 ,

54 2087 108 2149 nis
143 2074 456 2144 anactor‘noscnribur
491 2078 683 2143 reticulatae.
738 2078 909 2165 Semina
948 2076 1021 2162 (vel
1051 2078 1168 2141 saltem

54 2193 177 2276 ocula)
199 2196 233 2258 in
254 2216 381 2282 quoque
401 2194 506 2258 loculo
527 2194 717 2278 saepissime
740 2191 799 2272 16,
823 2191 997 2275 biserialia,
1016 2190 1168 2279 pendula,

53 2333 175 2404 parva,
206 2310 465 2389 suborbiculata,¹
486 2310 685 2390 ferruginea,
708 2307 943 2390 immergioata.
990 2305 1168 2389 Cotyla-

53 2429 193 2521 ‹lonea
216 2435 248 2489 et
268 2424 452 2489 radicula
471 2424 609 2508 generis.
652 2421 852 2486 Funiculi
881 2422 1165 2502 umbilicales,

52 2551 185 2625 brerae,
206 2540 336 2616 setacei,
358 2538 461 2605 libari.
499 2538 855 2625 Dissepimenlum·
873 2539 1050 2621 hyalinum,
1076 2522 1168 2600 com·
1261 2588 1264 2596 .

51 2655 343 2750 pletum,‘areolis
359 2654 495 2718 minutis
515 2650 721 2718 subrotuudis
742 2654 796 2715 vel
818 2652 1027 2739 subellipticis
1049 2671 1167 2715 exara-

52 2790 129 2840 tum
161 2784 196 2836 et
222 2791 319 2859 saepe
340 2767 448 2834 medio
476 2769 611 2832 nervulo
635 2767 732 2830 unico
752 2768 807 2832 vel
829 2767 911 2832 binis
932 2767 1167 2856 approximatis

53 2890 209 2957 tenuibus
229 2908 297 2950 non
316 2907 389 2951 raro
409 2882 561 2950 obsoletis
583 2893 741 2948 notatum.
827 2970 832 2979 ⁴

57 3077 105 3148 Π.
138 3070 458 3142 LEUGODRABA.
489 3073 690 3138 Perenues
710 3074 848 3136 rarius
867 3070 1041 3149 biennes,
1061 3071 1166 3153 pube

96 3213 269 3258 ramoso
288 3194 349 3255 vel
368 3193 551 3272 simplici
567 3193 801 3273 plerumque
819 3190 1009 3250 vestitae.
1042 3183 1166 3267 Scupi

97 3310 338 3392 subcplrprlli
357 3310 423 3368 vel
442 3307 578 3368 ocules
594 3303 772 3387 foliosi;
790 3298 921 3381 soliis
942 3276 1081 3382 plureis
1099 3303 1167 3360 in-

98 3426 336 3507 tegerrimis
357 3422 605 3500 dentalisve,
617 3416 811 3499 floribus
832 3416 954 3494 olbis,
972 3416 1075 3498 stylo
1096 3416 1167 3477 ob·

98 3541 297 3608 breviaco.
403 3594 408 3621 ,

230 3651 262 3718 1.
293 3656 439 3739 scupis
465 3626 648 3734 ophyllis
673 3647 996 3730 subuphyllisce

423 3784 454 3830 a.
489 3768 802 3829 helcrolriclccc.
908 3838 911 3845 Ι

274 3898 279 3915 “
301 3883 335 3960 2)
367 3880 491 3946 Durus
511 3900 703 3946 suessonis.
722 3876 776 3940 R.
799 3876 930 3942 Brcwn.

54 3999 113 4105 D.
146 3999 271 4097 scapis
304 3995 415 4072 nudis
445 3996 506 4070 vel
537 3993 789 4095 subcliphyllis
820 3985 1171 4111 (subsimplicibus)

117 4129 296 4230 foliisque
323 4127 411 4229 pilis
436 4126 597 4205 iurcatie
618 4124 930 4228 simplicibusque
957 4116 1113 4196 hirsutis
1135 4130 1172 4190 et
