2566 4726
105 224 108 229 ⁴
131 207 181 284 bo
418 203 477 282 Cl.
499 204 587 284 XV.
617 201 949 305 'Tetradynamia

131 397 226 480 libus,
247 394 382 462 racemis
403 390 606 475 multofloris,
622 391 800 457 fructiferis
816 388 974 474 elongatis
986 390 1159 477 instructa;
1177 376 1257 457 ada

132 525 208 578 sunt
227 513 291 577 alia
311 509 502 598 specimina,
523 509 582 575 uix
603 529 640 572 ac
661 529 703 573 ne
724 509 783 574 vix
804 505 937 595 quidam
958 509 1155 602 humiliora,
1179 500 1234 573 ssd

75 687 78 695 .
132 627 372 716 simplicissima
393 627 448 693 vel
468 627 592 689 ramulo
609 646 676 689 nuo
691 624 834 690 alterove
849 623 941 689 brevi
960 622 1129 707 instructa,
1150 620 1239 689 foliis,

131 744 312 811 minoribus
333 741 508 812 obsoletius
532 740 718 822 crenulatis,
746 760 874 804 racemo
904 739 1060 824 solitario⁴
1075 741 1151 828 plus
1177 736 1228 803 mi·
1254 820 1260 835 .

1263 442 1275 607 l

15 922 20 930 ,
129 882 236 931 nosve
251 860 400 940 elongato
416 868 551 934 onusta3
572 855 748 942 specimina
762 855 825 918 alia
839 852 1044 940 possidemus
1065 856 1103 919 iu
1121 853 1234 921 iisdem

131 978 212 1043 locis
233 996 305 1040 cum
327 973 551 1059 speciminibus
573 970 739 1034 altioribus
759 970 895 1035 ramosis
924 973 1077 1052 collecta,
1104 982 1259 1058 quorum'

133 1090 281 1159 cauliculi
300 1089 485 1169 filiiormes,
507 1085 752 1173 simplicissimi,
773 1087 906 1173 pollices
927 1083 1037 1151 3-4
1058 1087 1131 1167 alti,
1153 1086 1238 1152 foliis

57 1236 60 1243 ‘
132 1210 194 1276 vix
214 1208 296 1270 ultra
318 1201 420 1269 2-3
435 1203 494 1264 lin.
509 1202 626 1282 longis,
647 1201 706 1265 vix
726 1200 939 1284 denticulatis,
961 1203 1113 1268 auriculis
1136 1205 1239 1267 multu
1274 1174 1276 1185 Ι

132 1321 312 1405 mansibus
346 1317 631 1406 amplexicaulibus
669 1317 780 1381 vestiti
816 1327 849 1379 et
883 1338 1011 1382 racemo
1050 1319 1242 1407 abbreviatp,

133 1435 369 1505 6-10-fl0r0
389 1431 554 1497 terminati
576 1440 662 1497 sunt.
707 1433 850 1496 Patala
871 1431 920 1516 (iu
941 1433 1173 1521 speciminibus
1192 1435 1240 1499 al·

132 1555 241 1636 iaicis,
263 1552 344 1616 sicut
364 1552 400 1615 in
421 1549 610 1631 germanicis
632 1558 664 1610 et
686 1519 869 1630 hungaricis
891 1570 1019 1637 semper
1040 1549 1150 1634 calyce
1172 1570 1241 1615 ses-

134 1670 191 1759 qui
217 1670 319 1733 immo
348 1664 447 1752 duplo
475 1663 636 1744 longiora,
671 1676 822 1746 angusta,
859 1676 979 1747 erecta,
1017 1663 1254 1753 integerrimas·

135 1782 339 1853 Glandula
361 1784 495 1861 minuta,
516 1778 640 1871 viridis,
661 1780 811 1865 utrinque
833 1778 873 1843 ad
888 1780 978 1844 basin
998 1779 1240 1847 filamentorum

134 1901 329 1968 breviorum.
373 1894 602 1960 Filumenta
623 1895 798 1962 filiformia.
841 1896 1059 1960 Antherae
1080 1897 1237 1979 minutae,

133 2018 256 2096 flavae,
285 2014 356 2109 basi
375 2011 435 2075 vix
458 2009 616 2076 cordatae.
661 2010 802 2092 Stylus
828 2010 953 2092 brevis,
982 2011 1005 2097 ξ
1026 2010 1084 2074 lin.
1101 2012 1238 2095 longus,

135 2135 286 2214 stigmate
313 2128 518 2215 puuctiiormi
544 2128 747 2193 terminatus.
791 2127 1029 2193 siliculum
1051 2128 1240 2217 specimini-

133 2251 193 2314 bus
214 2244 334 2310 altaicis
355 2255 389 2308 et
408 2243 539 2331 persicis
559 2245 749 2330 plerumque
772 2239 991 2328 12-sperma,
1019 2243 1054 2306 in
1076 2246 1259 2325 germani..

134 2365 180 2431 cis
201 2363 329 2451 saepius
350 2359 536 2445 ss-sperma.
579 2358 792 2423 Valvulae
821 2359 942 2422 alatae:
970 2362 1026 2421 alc
1047 2363 1239 2445 quamtul-

134 2482 210 2551 vula
233 2476 427 2558 angustiore,
448 2471 505 2538 sed
524 2474 628 2537 multo
648 2473 780 2553 latiore,
804 2494 840 2537 ac
863 2472 898 2537 in
920 2472 992 2539 Tlr.
1014 2487 1236 2557 montano,

134 2597 260 2686 apicem
285 2610 398 2657 versus
419 2590 520 2670 magis
542 2609 701 2675 expansa,
726 2608 855 2674 semper
883 2607 983 2654 neruo
1012 2587 1072 2672 (in
1100 2591 1239 2657 siliculis

84 2762 90 2771 ,
133 2710 310 2795 junioribus
331 2704 508 2795 pellucido,
529 2704 563 2769 iu
584 2708 688 2768 fructu
709 2717 833 2781 maturo
856 2705 1094 2777 subincrassatn
1112 2707 1237 2795 opaco)

133 2824 391 2911 circumscripta..
431 2820 855 2911 Dissepimentumstt
883 2793 1072 2897 funiculi,
1097 2824 1236 2904 generis.

133 2926 305 3013 Samius
325 2939 446 3020 laevia,
468 2934 765 3020 cotyledouibusot
783 2933 923 3013 radicula
943 2956 1003 3024 pro
1024 2957 1117 3009 more
1137 2960 1238 3023 gene-

133 3059 178 3126 ris
196 3058 360 3122 instructa.

226 3171 309 3238 obs.
336 3165 364 3233 I.
385 3206 388 3211 ·
406 3164 538 3232 Icouetn
564 3164 635 3239 Th.
651 3166 1071 3243 montaniSoltlculcrii·
1090 3162 1134 3239 ad
1161 3165 1233 3236 Tb.

133 3287 409 3379 pecioliatum
431 3282 604 3367 duximus,
632 3284 844 3375 qniu,planta
864 3284 1087 3355 Scbkubrinas
1114 3304 1233 3366 annua,

134 3427 199 3468 nou
230 3402 398 3491 perennis,
435 3399 567 3466 siliculis
598 3396 829 3487 12-spermis‚
854 3420 934 3471 ¹nam
961 3397 1155 3484 4÷spermis
1182 3402 1234 3467 in-

133 3531 249 3584 strocta
270 3529 337 3601 est,
359 3519 442 3599 'stylo
463 3517 612 3597 elongato
632 3537 712 3583 vero
733 3534 806 3578 cum
826 3511 897 3579 Th.
910 3514 1129 3600 pecioliato
1149 3518 1233 3581 mals

133 3633 293 3701 conuenit.

222 3747 303 3814 Oba.
323 3743 382 3813 Π..
412 3743 469 3810 An
488 3742 556 3810 Th.
579 3744 850 3810 umbellatum
870 3732 983 3812 a'lh.
1003 3744 1233 3831 pertoliatn

133 3864 212 3931 satis
233 3860 444 3927 distinctum?
474 3862 592 3931 Nonne
612 3860 721 3945 potios
741 3860 878 3924 varietas
896 3859 1093 3927 macilenta?
1142 3892 1146 3897 ·
1195 3912 1199 3923 .
1271 3832 1276 3909 .'

133 4085 193 4153 tv.
237 4081 556 4153 ruunounons.
599 4081 773 4145 sensata
798 4084 982 4147 vascuta
1004 4104 1086 4166 per.
1107 4048 1232 4153 aazia
1261 4085 1283 4172 ς

177 4207 335 4271 dorsum
364 4208 509 4271 alatis:
536 4202 617 4265 ulis
648 4198 858 4280 angustis,
892 4215 1015 4263 nervo
1040 4199 1119 4269 vix,
1144 4202 1238 4267 ullo·
