2566 4726
78 186 160 269 284
384 169 446 257 Cl.
471 174 594 255 xvlt
645 171 888 274 Diadelphia.

123 392 201 463 pm
220 368 257 439 fl.
277 364 405 452 Irtysels
426 362 483 452 (L.
506 360 587 450 Μ.),
608 380 710 450 prope
731 358 895 431 Riddessk
915 362 1003 443 (L),
1026 356 1064 425 iu
1085 356 1197 427 insulis

124 490 159 555 u
182 477 431 566 Tessuinus).
466 478 516 544 st
539 499 598 565 par
617 488 720 543 tutam
741 486 908 543 aestatem.
954 482 1007 549 a.

170 602 286 669 Planta
305 598 390 663 miae
410 595 551 661 variam.
592 589 732 660 Radix
759 593 949 679 plerumque
971 576 1086 657 caules
1105 588 1198 655 emit·
1237 670 1240 675 Ι

85 719 129 783 tit
150 714 449 792 numerosissimus,
477 711 551 797 plus
572 709 627 776 val
647 707 755 773 miuus
784 709 971 790 elongatus,
1000 716 1128 771 erectus
1147 706 1200 771 vel

87 828 336 912 adscendentem
356 832 529 892 exteriores
542 824 645 890 immo
660 834 772 889 exacte
784 826 1041 909 procumbentes,
1057 822 1200 912 plerum-

17 916 21 923 *
88 966 154 1034 qus
174 943 327 1032 simplicis
347 941 525 1009 valterius
545 960 637 1005 ramo
658 959 724 1005 uuo
751 939 894 1004 alterove
916 958 1033 1026 pamm
1053 940 1198 1023 elongata

89 1071 211 1126 auctos.
254 1058 376 1125 Folia
397 1056 583 1137 multijuga:
604 1055 732 1138 foliolis
759 1054 924 1149 oblougis,
956 1053 1131 1120 latioribus
1147 1056 1198 1119 sel

90 1173 346 1260 angustioribus,
373 1172 418 1235 ita
445 1182 482 1234 ut
503 1167 601 1234 modo
629 1171 913 1252 ovato-oblonga,
945 1169 1048 1235 modo
1074 1170 1197 1235 lineari·

91 1293 227 1370 obluuga
247 1285 466 1351 inveniantur.
512 1285 708 1372 stipulae
730 1285 815 1349 cauli
836 1259 896 1349 uec
915 1285 1042 1373 petiole
1057 1284 1196 1365 adaeus,

90 1404 259 1471 interiores
280 1398 417 1465 subinde
435 1401 524 1464 iuter
543 1421 579 1465 se
599 1412 769 1483 couuatae,
788 1397 940 1466 videatur
953 1401 1197 1489 oppositiluliae.

90 1517 251 1586 Raeemi
270 1516 412 1581 laxiores
433 1517 488 1580 sel
510 1514 691 1597 densiores,
719 1514 853 1582 demum
873 1517 1015 1599 elongati
1037 1529 1074 1584 et
1093 1517 1198 1583 lulium

92 1633 229 1723 duplum
254 1633 345 1714 longi
368 1633 424 1696 val
453 1633 626 1713 longiores.
674 1630 820 1697 Floras
846 1630 921 1697 7-
932 1632 996 1713 25,
1026 1632 1127 1699 modu
1151 1632 1198 1695 ia·

91 1761 198 1831 tense,
219 1746 318 1812 modo
338 1744 458 1835 pallide
472 1747 619 1829 violacei,
639 1747 744 1812 immo
761 1748 825 1812 albi
839 1754 1024 1835 (nunquam
1041 1768 1122 1814 veru
1134 1768 1202 1836 pue-

93 1865 417 1952 putescens-roseos
430 1859 597 1944 vidimus),
619 1863 840 1946 magnitudine
854 1862 951 1930 valde
973 1865 1112 1930 suriant.
1139 1860 1200 1928 llas

94 1981 204 2043 miuus
225 1979 330 2043 variat
350 1978 537 2067 superficies
559 1978 658 2043 totius
678 1980 819 2065 plautae,
841 2001 924 2067 ques
944 1980 1046 2046 modo
1069 1979 1203 2046 subviri-

95 2093 164 2173 dis,
185 2095 271 2181 pube
292 2096 481 2161 tenuissima
502 2092 659 2175 obducta,
681 2093 780 2160 modo
801 2096 932 2178 incana,
954 2094 1056 2161 modu
1078 2095 1202 2176 seuiuas,

95 2211 198 2275 immo
218 2210 293 2296 pilis
315 2211 397 2275 albis
418 2211 525 2292 longia
545 2212 731 2297 patentibus
752 2222 803 2276 sat
823 2208 924 2276 deuse
938 2211 1053 2297 ,obsita
1074 2222 1137 2277 est.

181 2310 318 2407 Singula
352 2324 515 2390 variarum
549 2328 726 2391 formarum
760 2328 936 2415 specimina
966 2326 1117 2393 habitum
1144 2347 1204 2392 uon

96 2464 168 2510 saro
189 2454 258 2506 tam
278 2438 445 2505 diversum
471 2437 628 2520 induunt,
656 2453 694 2506 ut
714 2443 820 2531 specie
841 2445 925 2530 inter
945 2464 983 2508 se
1003 2441 1139 2508 differre
1158 2446 1203 2506 si·

97 2557 244 2623 deantur,
287 2553 372 2620 Sunt
392 2566 501 2619 autem
522 2555 696 2643 specimine
718 2558 905 2641 innumera,
935 2578 1018 2646 quas
1036 2560 1203 2624 transitum

97 2674 332 2740 demonstrant.
353 2706 398 2723 ·-
440 2669 491 2736 Da
513 2693 695 2756 synonymo
715 2674 899 2744 Perusiam
921 2696 961 2738 eo
982 2674 1095 2740 miuus
1116 2674 1203 2739 dubi·

97 2802 168 2855 tare
189 2791 275 2870 licet,
298 2810 398 2876 quum
413 2787 532 2874 planta,
556 2787 596 2851 de
611 2808 672 2873 qua
690 2791 825 2872 agimus,
846 2790 882 2853 in
904 2799 1019 2871 tractu,
1041 2811 1143 2878 quem
1161 2793 1203 2857 ill.

98 2909 182 2971 Pull.
204 2903 425 2985 Astragali
455 2900 696 2964 floribundi
719 2902 857 2988 patriam
879 2904 967 2988 dicit,
988 2906 1138 2973 maxima
1156 2930 1205 2973 uu·

99 3021 155 3110 pia
174 3018 325 3107 provenit
346 3026 380 3081 et
399 3036 457 3101 per
477 3025 578 3080 tutam
599 3025 756 3081 aestatem
775 3018 911 3084 floribus
932 3032 1048 3087 onusta
1068 3034 1134 3091 est.

352 3141 388 3228 b)
418 3147 506 3207 caule
526 3145 710 3209 abbreviato
731 3151 782 3212 vel
800 3150 955 3213 subnullo.

332 3257 388 3347 13)
431 3259 625 3326 Oxuuaoass
655 3283 880 3329 sauvicsusss.
924 3289 967 3332 ne.
1089 3264 1092 3269 ’

102 3379 146 3457 Ο.
171 3378 389 3458 asulescens
413 3393 541 3454 erecta
572 3378 808 3489 subsericas,
843 3383 951 3459 caule
977 3382 1210 3479 abbreviato,

151 3509 256 3585 foliis
281 3510 480 3603 confertis,
513 3510 662 3611 stipulis
687 3513 824 3612 petiole
850 3515 999 3593 esinatis
1024 3516 1211 3596 lanceola·

154 3640 205 3717 tis
238 3642 469 3721 acuminatis
502 3644 665 3736 ciliatis,
699 3644 840 3721 foliolis
872 3650 1009 3724 ovatu'·
1027 3648 1213 3752 oblongis,

152 3770 374 3875 pedunculis
407 3775 497 3850 iulio
530 3776 639 3874 duplo
671 3778 923 3882 longioribus,
956 3784 1128 3858 racemis
1153 3785 1215 3858 ‹la-

153 3929 265 3983 mum
295 3908 499 4010 elongatis,
531 3881 694 3984 bracteis
720 3910 926 3985 dimidium
953 3914 1102 4014 calycis
1131 3920 1216 3991 sub·

147 4038 413 4138 aequantibus,
435 4039 690 4141 leguminibus
713 4043 967 4143 cyliuduaueis
987 4047 1128 4125 erectis
1150 4076 1215 4149 pu·

154 4172 392 4251 buscentibus
418 4174 726 4252 uuilouularibus.
